@ARTICLE{9599348,
  author={Wang, Zhiwei and Xia, Min and Lu, Min and Pan, Lingling and Liu, Jun},
  journal={IEEE Transactions on Power Delivery}, 
  title={Parameter Identification in Power Transmission Systems Based on Graph Convolution Network}, 
  year={2022},
  volume={37},
  number={4},
  pages={3155-3163},
  keywords={Power measurement;Data models;Voltage measurement;Power transmission;Power grids;Phasor measurement units;Convolution;Graph convolutional network;parameter identification;power transmission systems},
  doi={10.1109/TPWRD.2021.3124528}}
  
  @article{zhang2019graph,
  author = {Zhang, Si and Tong, Hanghang and Xu, Jiejun and Maciejewski, Ross},
  title = {Graph convolutional networks: a comprehensive review},
  journal = {Computational Social Networks},
  volume = {6},
  number = {1},
  pages = {11},
  year = {2019},
  doi = {10.1186/s40649-019-0069-y},
  url = {https://doi.org/10.1186/s40649-019-0069-y}
}

@ARTICLE{9339909,
  author={Georgousis, Stavros and Kenning, Michael P. and Xie, Xianghua},
  journal={IEEE Access}, 
  title={Graph Deep Learning: State of the Art and Challenges}, 
  year={2021},
  volume={9},
  number={},
  pages={22106-22140},
  keywords={Convolution;Deep learning;Estimation;Data models;Task analysis;Image edge detection;Convolutional neural networks;Dynamic graphs;edge attributes;graph convolution;graph deep learning;graph estimation;graph learning methods},
  doi={10.1109/ACCESS.2021.3055280}}



